4542 6017
1294 428 1583 485 ”Kx
2029 426 2037 439 ,

603 508 873 621 rpnscvrr
893 494 1232 591 irrisorum
1253 482 1864 595 comrnArross*nr----
1940 564 1973 575 ..
1997 574 2005 581 .
2077 590 2091 600 ,

451 625 541 692 viros
557 613 616 687 sua
635 614 703 687 elle
719 617 962 693 ntrrnimenta,
983 617 1018 681 δι
1039 636 1111 683 non
1129 610 1353 682 vehementes
1385 606 1450 681 atie
1492 609 1650 691 insanius
1673 656 1688 695 ‚
1720 632 1803 707 quoe

447 740 577 802 turres,
595 740 714 811 neque
732 736 850 785 muros
869 762 879 796 ‚
897 712 954 785 sed
975 713 1112 809 sapien·
1129 715 1319 807 opiniones
1352 710 1524 808 quasdam
1556 737 1599 787 ae
1625 720 1802 807 imagina-
1865 794 1871 805 ,

442 828 532 895 tium
554 826 715 893 virorum
733 816 910 913 sapientia
937 814 1085 887 consilia
1103 865 1115 884 .
1132 819 1250 883 tiones
1270 817 1406 889 rationi
1431 818 1642 889 inducunt}
1670 818 1706 888 Δ
1722 822 1803 913 qui.

438 926 513 1018 Ego
531 944 635 1007 vero,
652 926 718 1018 qui
739 923 845 993 credo
860 920 1111 1013 artesquidem
1132 912 1197 985 bus
1216 918 1282 1009 qui
1303 935 1366 1009 per
1384 918 1562 988 uirtutem
1579 926 1802 1016 depurgatum

437 1028 502 1101 elle
522 1028 671 1099 deorum
684 1028 796 1106 dona,
814 1026 972 1097 homiues
986 1036 1109 1091 autem
1126 1012 1205 1100 est,
1229 1014 1336 1087 sanus
1361 1017 1485 1087 evadit
1503 1065 1513 1086 .
1546 1020 1656 1105 Quod
1673 1023 1708 1093 ii
1731 1046 1802 1117 ego

436 1145 576 1201 aarum
602 1150 711 1227 opere
736 1128 751 1217 (
772 1130 808 1195 St
827 1148 871 1197 ne
899 1144 991 1215 aegre
1018 1119 1110 1193 sera·
1126 1124 1274 1189 omnino
1300 1116 1474 1189 ditescere
1493 1120 1704 1207 volnisem,
1726 1131 1803 1197 viri

435 1238 514 1315 tir,
541 1236 614 1302 viri
636 1218 851 1321 nbaerita)
873 1250 945 1299 noo
965 1244 1029 1293 vos
1049 1246 1112 1319 pn.
1128 1220 1342 1304 Abderites,
1367 1244 1440 1292 non
1461 1222 1593 1316 utique
1617 1227 1736 1297 elecem
1755 1248 1805 1301 ra.

436 1350 506 1417 tn,
532 1332 590 1403 sed
605 1332 721 1428 ipsam
737 1320 914 1399 ¹naturam
932 1348 986 1395 me
1006 1345 1110 1397 rota·
1129 1322 1308 1394 lentorum
1342 1328 1463 1419 gratie
1498 1326 1545 1395 ad
1572 1347 1634 1395 vos
1661 1327 1811 1425 profici-⁰

434 1458 475 1506 re
492 1484 506 1516 „
531 1434 577 1501 ad
594 1426 1110 1525 conservandumipfinsopus,
1129 1423 1241 1497 seerer
1267 1446 1278 1497 t
1303 1424 1361 1497 sed
1386 1434 1431 1496 ad
1456 1428 1631 1519 Magnum
1654 1428 1805 1500 arcellis.

425 1521 540 1627 ¹qnorl
570 1531 829 1627 periclitatur,
856 1552 900 1599 ne
924 1550 994 1628 prae
1020 1552 1109 1600 mor·
1128 1525 1198 1599 sem
1224 1526 1404 1601 Persarum
1427 1529 1592 1620 Regem,
1628 1530 1692 1603 nbi
1718 1549 1806 1602 tota

437 1632 485 1703 bo
517 1632 747 1705 collabatur.
781 1630 904 1717 Quare
940 1652 1011 1731 prs
1046 1654 1109 1703 vo-
1128 1634 1332 1713 civitates,
1356 1632 1524 1701 humanis
1548 1632 1677 1730 opibus
1696 1633 1805 1705 refer·

439 1732 492 1805 bis
526 1756 592 1825 ego
627 1756 752 1815 nunc,
793 1751 932 1805 ntrurae
969 1756 1010 1805 ac
1036 1737 1203 1813 diistae,
1245 1731 1565 1825 mihiobtigiisent
1598 1756 1609 1804 ε
1643 1734 1806 1809 sanallm

432 1835 622 1917 obediam,
638 1836 765 1907 festino
785 1852 1017 1929 egrotantem
1038 1839 1248 1911 Do'autem
1272 1834 1353 1907 illie
1370 1832 1526 1935 ipsorum
1545 1835 1676 1933 pellem
1696 1889 1712 1906 ν
1732 1842 1800 1911 Ve-

431 1946 625 2011 mocritum
651 1938 772 2013 sanare
799 1962 808 2009 :
836 1936 859 2011 li
885 1942 1033 2035 quidem
1052 1938 1105 2009 so-
1125 1960 1204 2007 tum
1223 1940 1429 2031 denegavi,
1455 1941 1636 2011 inimicam
1655 1941 1802 2015 Gracia

431 2063 477 2111 ne
512 2046 549 2111 bt
581 2044 649 2115 boe
684 2042 826 2113 morbus
860 2040 908 2113 est
929 2090 941 2125 ,
965 2044 1008 2115 2&
1035 2064 1105 2115 non
1124 2045 1308 2131 regionem
1339 2040 1472 2113 amalo
1495 2042 1690 2113 morbusne
1706 2044 1801 2117 velle
1922 2057 1931 2078 ⁸

431 2148 559 2240 potius
593 2138 692 2215 err'or
727 2145 828 2215 vobis
864 2142 1028 2217 tenebras
1054 2142 1104 2217 os·
1125 2142 1312 2213 liberare.
1350 2144 1395 2215 Et
1421 2164 1517 2235 ego,
1543 2164 1727 2239 quantum
1763 2150 1805 2213 in

431 2242 558 2315 fundit
584 2268 595 2317 t
620 2250 656 2317 id
693 2250 792 2343 qnod
827 2264 943 2343 opto.
980 2248 1104 2343 Atque
1124 2267 1181 2315 tne
1214 2242 1333 2317 suisset
1361 2298 1372 2328 ,
1405 2244 1579 2315 nubam
1605 2240 1809 2337 expugnas·

434 2352 578 2415 utinam
599 2344 642 2415 stt
660 2350 726 2417 hoc
745 2346 888 2417 uberius
909 2346 1031 2421 vestrae
1052 2349 1109 2419 bo·
1126 2344 1198 2413 sem
1226 2392 1238 2413 .
1272 2342 1479 2413 Haburffem
1504 2359 1626 2415 antem
1653 2347 1806 2431 ignomi-

437 2447 654 2513 nevolent'rae
682 2446 847 2533 signnm,
871 2448 970 2536 quod
998 2452 1110 2514 etiarn
1127 2447 1228 2512 nient
1253 2439 1346 2534 ipsas
1369 2466 1391 2511 a
1420 2443 1519 2531 Rege
1542 2448 1698 2512 diuitias
1729 2447 1802 2522 ,bt

436 2544 481 2610 ad
510 2538 746 2635 suspicionem
784 2540 1005 2610 turbamini.
1042 2548 1109 2609 Ar·
1125 2542 1351 2631 opulentiam
1404 2547 1532 2634 patrie
1567 2546 1754 2613 inimicam
1785 2592 1800 2613 .
1879 2537 1890 2550 ’

430 2658 581 2735 gentum
614 2656 741 2709 antem
769 2641 860 2707 mibi
904 2642 1067 2709 venienti
1092 2636 1210 2720 ,³20
1230 2659 1316 2708 vern
1341 2640 1432 2711 mibi
1451 2638 1672 2726 adfuissent,
1696 2644 1801 2715 velut

428 2763 548 2837 neque
575 2756 705 2811 natura
725 2790 735 2823 ,
760 2758 878 2835 neque
897 2740 996 2811 Deus
1024 2762 1104 2837 pro·
1119 2744 1186 2821 ei,
1212 2746 1279 2834 qui
1300 2742 1443 2815 urbium
1470 2744 1617 2816 Graeclre
1637 2746 1799 2817 devasta-

430 2848 577 2915 mittere
612 2848 787 2943 poterit.
824 2840 950 2929 Quare
984 2841 1308 2939 nequetorelset.
1335 2843 1422 2916 Non
1444 2864 1536 2944 puto
1562 2850 1800 2923 divitiarelie
1941 2916 1960 2937 „

429 2967 527 3029 uos,
564 2948 636 3016 viri
672 2946 889 3026 Abderitae,
924 2950 1064 3036 cogatis
1092 2944 1263 3019 :lucrum
1300 2948 1543 3048 undiquaque
1570 2948 1800 3044 questum.

427 3046 486 3119 sed
512 3046 631 3119 libere
654 3052 746 3119 artis
781 3051 894 3119 etiam
919 3068 1029 3144 opera
1057 3049 1102 3119 li·
1120 3048 1257 3139 Magna
1273 3055 1370 3123 eninr
1388 3048 1473 3123 sunt
1498 3048 1597 3122 sacra
1616 3058 1798 3139 virtutis,

428 3149 510 3222 bert
535 3150 600 3222 elle
619 3148 770 3223 settis.
795 3148 874 3236 Qu
900 3170 988 3221 vero
1013 3174 1101 3221 mer·
1120 3170 1243 3243 quea
1268 3148 1408 3244 justitia
1433 3175 1507 3224 non
1533 3153 1799 3238 occultantur,

431 3250 558 3315 eedem
576 3255 759 3339 apinae,
781 3252 821 3315 hi
846 3248 1014 3323 seleutias
1032 3253 1099 3323 ser·
1123 3250 1182 3325 sed
1200 3250 1383 3325 manifesta
1408 3254 1572 3327 existunt
1592 3308 1603 3331 .
1629 3260 1709 3328 Aut
1725 3280 1806 3340 non

432 3347 513 3423 sire
536 3360 704 3435 cogunt,
735 3340 841 3411 velut
865 3352 1103 3437 captivemini
1122 3354 1260 3442 equale
1296 3374 1484 3451 peccatum
1519 3358 1583 3429 effe
1618 3364 1799 3458 putatis,

310 3480 316 3493 ·
435 3452 573 3517 cientes
592 3442 683 3541 ipsas
703 3463 748 3513 ex
767 3444 887 3541 priore
905 3442 1076 3515 libertate
1095 3468 1106 3519 t
1125 3447 1238 3517 hostes
1264 3451 1431 3533 serrare,
1454 3462 1490 3525 δι
1509 3466 1640 3531 amicos
1665 3484 1802 3535 meree·

307 3564 317 3573 ·
431 3547 580 3627 deinde,
600 3547 702 3616 velut
721 3542 911 3615 verisimile
925 3544 994 3627 est,
1012 3570 1105 3617 men.
1125 3548 1171 3617 de
1198 3545 1320 3619 sanare
1339 3596 1349 3618 .
1375 3556 1427 3626 At
1452 3576 1523 3625 non
1549 3558 1742 3629 bocmodo
1765 3562 1801 3634 se

427 3653 495 3721 tiri
527 3651 641 3719 etlam
681 3650 847 3745 poterint
871 3696 883 3730 ,
919 3647 1024 3719 velut
1059 3650 1104 3721 de
1122 3668 1179 3720 res
1203 3648 1328 3721 nostro
1351 3652 1512 3737 babent,
1540 3680 1563 3729 ο
1584 3658 1768 3730 Abderitae
1788 3699 1800 3731 ι.

428 3772 557 3845 magno
581 3749 736 3835 morbor
761 3754 796 3819 δι
816 3752 1005 3841 negarint,
1029 3752 1097 3822 vel·
1120 3748 1208 3825 Non
1229 3759 1343 3849 ‚capio
1376 3752 1533 3846 flubium
1559 3783 1604 3831 er
1629 3761 1760 3831 morbis
1786 3814 1799 3847 ,

430 3870 475 3937 nt
498 3856 543 3924 de
562 3874 675 3951 parvo
692 3874 702 3923 ε
719 3856 756 3921 bc
775 3852 935 3951 polliciti
954 3874 1026 3923 non
1045 3874 1239 3947 seneque
1275 3855 1430 3931 libenter
1468 3864 1597 3934 audiri
1617 3916 1627 3944 ‚
1664 3866 1798 3936 Demo·

426 3960 593 4039 nerim,
625 3958 661 4025 ὃ(
687 3952 809 4025 rursus
835 3958 1002 4027 venerint
1027 3959 1252 4029 contritum
1278 3979 1397 4032 mente
1420 3982 1556 4035 motum
1576 3966 1669 4040 ese.
1696 3966 1797 4055 Qui,

427 4060 583 4131 vorari.
619 4056 753 4131 Misere
779 4056 828 4131 est
854 4054 1014 4155 proser
1039 4060 1104 4131 hu·-
1121 4054 1198 4135 ilue‘
1229 4056 1334 4133 sanus
1368 4060 1448 4147 eli,
1483 4072 1620 4139 amicus
1645 4054 1694 4139 e'lt
1718 4094 1731 4139 r
1754 4068 1797 4140 sr-

424 4180 534 4233 mana
550 4162 631 4231 vita
656 4182 667 4231 ε
694 4166 867 4256 quoniam
896 4182 959 4257 per
986 4177 1165 4233 totumve
1190 4178 1372 4255 aegrotet,
1395 4182 1546 4239 curatus
1572 4176 1685 4265 magis
1709 4178 1796 4243 ami.

424 4260 538 4361 ipsam
565 4262 803 4335 intolerabilis
829 4268 1019 4346 avaritia,
1043 4285 1183 4347 ire-cus
1217 4271 1321 4338 erit.
1356 4272 1482 4341 Audio
1515 4290 1639 4345 entem
1673 4272 1795 4371 ipsum

300 4458 307 4467 ἱ
426 4362 488 4435 lut
511 4362 692 4457 hybernus
717 4383 850 4437 ventus
873 4417 883 4450 ‚
909 4364 1101 4439 distributa
1118 4366 1288 4458 gravibus
1313 4392 1357 4445 ae
1382 4370 1502 4444 solidis
1527 4376 1686 4447 moribus
1706 4398 1796 4474 prir-

424 4464 500 4546 est,
519 4484 561 4535 se
580 4473 802 4560 penetrarit.
825 4470 880 4540 Aa
897 4492 1007 4565 quam
1026 4474 1101 4541 nti·
1118 4470 1241 4543 ditum
1267 4471 1332 4542 elle
1355 4523 1367 4555 ‚
1402 4479 1438 4546 &
1466 4476 1564 4549 urbis
1590 4478 1711 4550 vestrm
1736 4500 1795 4551 or·

422 4591 512 4643 nam
531 4570 659 4665 potius
679 4588 805 4635 omnes
820 4572 949 4643 medici
968 4596 1101 4645 conve·
1118 4588 1349 4645 nomentum.
1372 4580 1500 4649 Valere
1516 4631 1538 4663 „

421 4672 587 4751 tuissent,
620 4690 698 4765 qno
727 4676 928 4761 graviorem
960 4674 1100 4751 insania
1165 4676 1270 4747 Huic
1293 4680 1418 4749 itineri
1448 4682 1628 4783 separans
1646 4680 1898 4787 Hippo-W

420 4770 589 4853 morbum
625 4788 800 4843 curarent
835 4796 846 4845 r
881 4782 1052 4868 quonism
1088 4794 1234 4862 ‚crates
1252 4780 1297 4851 ael
1315 4789 1471 4857 amicum
1499 4788 1600 4854 suum
1617 4775 1758 4881 scripit
1776 4788 1907 4878 ‚tw

419 4898 542 4977 quum
576 4874 720 4947 morbus
754 4872 825 4958 fit,
857 4880 894 4947 δι
921 4874 1062 4971 assligat
1086 4878 1344 4983 ,Dienyfinm,
1366 4912 1480 4969 eum,
1505 4862 1914 4977 ntreisamilircinrtui
1999 4891 2003 4897 ’

422 4986 536 5053 etiam
567 4978 738 5052 laudatur
759 5026 771 5043 .
796 4980 870 5074 Ego
896 5003 982 5051 vero
1007 4980 1099 5052 urbi·
1115 4988 1165 5055 ris
1190 4985 1266 5085 ipso
1292 4989 1436 5059 absente
1459 5010 1582 5055 euram
1607 5008 1750 5083 gereret
1775 5012 1798 5070 2·

421 5092 501 5155 teor
528 5086 654 5167 etiam,
672 5086 799 5155 anime
816 5082 952 5189 morbos
974 5108 1098 5160 omnes
1114 5110 1275 5183 rogans.
1311 5092 1368 5163 Ad
1403 5092 1637 5181 narragam
1663 5096 1750 5159 item
1777 5136 1789 5168 ι

1468 5192 1496 5259 Β
1547 5220 1575 5290 4
1694 5203 1737 5255 ut
